<?xml version="1.0" encoding="UTF-8"?>
<record xmlns="http://www.loc.gov/MARC21/slim">
  <leader>01488cjm a2200445 a 4500</leader>
  <controlfield tag="001">4088052</controlfield>
  <controlfield tag="003">LTSCA</controlfield>
  <controlfield tag="005">20080311150833.0</controlfield>
  <controlfield tag="007">sd fungnnmmneu</controlfield>
  <controlfield tag="008">911029m19781989nyuuunn           n zxx d</controlfield>
  <datafield tag="010" ind1=" " ind2=" ">
    <subfield code="a">   91759924</subfield>
  </datafield>
  <datafield tag="024" ind1="1" ind2=" ">
    <subfield code="a">074643561228</subfield>
  </datafield>
  <datafield tag="028" ind1="0" ind2="2">
    <subfield code="a">CK 35612</subfield>
    <subfield code="b">Columbia</subfield>
  </datafield>
  <datafield tag="028" ind1="0" ind2="0">
    <subfield code="a">35612</subfield>
    <subfield code="b">Columbia</subfield>
  </datafield>
  <datafield tag="033" ind1=" " ind2=" ">
    <subfield code="b">5784</subfield>
    <subfield code="c">D9</subfield>
  </datafield>
  <datafield tag="035" ind1=" " ind2=" ">
    <subfield code="a">ocm22583553</subfield>
  </datafield>
  <datafield tag="040" ind1=" " ind2=" ">
    <subfield code="a">OrP</subfield>
    <subfield code="b">eng</subfield>
    <subfield code="c">DLC</subfield>
    <subfield code="d">BTCTA</subfield>
    <subfield code="d">AEU</subfield>
  </datafield>
  <datafield tag="042" ind1=" " ind2=" ">
    <subfield code="a">lccopycat</subfield>
  </datafield>
  <datafield tag="047" ind1=" " ind2=" ">
    <subfield code="a">fm</subfield>
    <subfield code="a">df</subfield>
  </datafield>
  <datafield tag="049" ind1=" " ind2=" ">
    <subfield code="a">UABA</subfield>
  </datafield>
  <datafield tag="050" ind1=" " ind2="4">
    <subfield code="a">M1744.C49</subfield>
    <subfield code="b">C46 1978</subfield>
  </datafield>
  <datafield tag="050" ind1="0" ind2="0">
    <subfield code="a">SDB 61627</subfield>
  </datafield>
  <datafield tag="090" ind1=" " ind2=" ">
    <subfield code="a">M 1744 C49 C52 1989</subfield>
    <subfield code="b">AEU</subfield>
  </datafield>
  <datafield tag="110" ind1="2" ind2=" ">
    <subfield code="a">Chieftains.</subfield>
  </datafield>
  <datafield tag="245" ind1="1" ind2="4">
    <subfield code="a">The Chieftains 7</subfield>
    <subfield code="h">[sound recording].</subfield>
  </datafield>
  <datafield tag="260" ind1=" " ind2=" ">
    <subfield code="a">New York, N.Y. :</subfield>
    <subfield code="b">Columbia,</subfield>
    <subfield code="c">[1989?], p1978.</subfield>
  </datafield>
  <datafield tag="300" ind1=" " ind2=" ">
    <subfield code="a">1 sound disc :</subfield>
    <subfield code="b">digital ;</subfield>
    <subfield code="c">4 3/4 in.</subfield>
  </datafield>
  <datafield tag="500" ind1=" " ind2=" ">
    <subfield code="a">Traditional Irish music.</subfield>
  </datafield>
  <datafield tag="500" ind1=" " ind2=" ">
    <subfield code="a">Compact disc.</subfield>
  </datafield>
  <datafield tag="505" ind1="0" ind2=" ">
    <subfield code="a">Away we go again -- Dochas -- Hedigan&apos;s fancy -- John O&apos;Connor and the ode to whiskey -- Friel&apos;s kitchen -- No. 6 the coombe -- O&apos;Sullivan&apos;s march -- The ace and deuce of pipering -- The fairies&apos; lamentation &amp; dance -- Oh! The breeches full of stitches.</subfield>
  </datafield>
  <datafield tag="511" ind1="0" ind2=" ">
    <subfield code="a">Performed by the Chieftains.</subfield>
  </datafield>
  <datafield tag="518" ind1=" " ind2=" ">
    <subfield code="a">Recorded in Dublin Sound Studios, Ireland.</subfield>
  </datafield>
  <datafield tag="596" ind1=" " ind2=" ">
    <subfield code="a">43</subfield>
  </datafield>
  <datafield tag="650" ind1=" " ind2="0">
    <subfield code="a">Folk music.</subfield>
  </datafield>
  <datafield tag="650" ind1=" " ind2="0">
    <subfield code="a">Folk dance music.</subfield>
  </datafield>
  <datafield tag="740" ind1="0" ind2=" ">
    <subfield code="a">Chieftains seven.</subfield>
  </datafield>
  <datafield tag="949" ind1=" " ind2=" ">
    <subfield code="h">UAHS-MC-B</subfield>
    <subfield code="i">0162024979922</subfield>
  </datafield>
  <datafield tag="994" ind1=" " ind2=" ">
    <subfield code="a">C0</subfield>
    <subfield code="b">UAB</subfield>
  </datafield>
  <datafield tag="019" ind1=" " ind2=" ">
    <subfield code="a">19852561</subfield>
    <subfield code="a">78780607</subfield>
  </datafield>
  <datafield tag="926" ind1=" " ind2=" ">
    <subfield code="a">UAHSS</subfield>
    <subfield code="b">MUSIC_CD</subfield>
    <subfield code="c">M 1744 C49 C52 1989</subfield>
    <subfield code="d">MUSICSOUND</subfield>
    <subfield code="f">1</subfield>
  </datafield>
</record>
